@article{Finkelstein:1971,
title = "Statistical analysis of the correlation among amino acid residues in helical, β-stractural and non-regular regions of globular proteins ",
journal = "Journal of Molecular Biology ",
volume = "62",
number = "3",
pages = "613 - 624",
year = "1971",
issn = "0022-2836",
author = "A.V. Finkelstein and O.B. Ptitsyn"
}

@article{Rost:1993,
title = "Prediction of Protein Secondary Structure at Better than 70% Accuracy ",
journal = "Journal of Molecular Biology ",
volume = "232",
number = "2",
pages = "584 - 599",
year = "1993",
issn = "0022-2836",
author = "Burkhard Rost and Chris Sander",
keywords = "protein secondary structure prediction",
keywords = "multiple sequence alignments",
keywords = "secondary structure content",
keywords = "neural network "
}

@article{soding:2005,
author = {Söding, Johannes}, 
title = {Protein homology detection by HMM–HMM comparison},
volume = {21}, 
number = {7}, 
pages = {951-960}, 
year = {2005}, 
doi = {10.1093/bioinformatics/bti125}, 
journal = {Bioinformatics} 
}

@book{meme:2015,
  title={The Selfish Gene},
  author={Dawkins, R.},
  isbn={9780192860927},
  lccn={89016077},
  series={Oxford paperbacks},
  year={1999},
  publisher={Oxford University Press},
  pages={192}
}

@article {hornak:2006,
    author = {Hornak, Viktor and Abel, Robert and Okur, Asim and Strockbine, Bentley and Roitberg, Adrian and Simmerling, Carlos},
    title = {Comparison of multiple Amber force fields and development of improved protein backbone parameters},
    journal = {Proteins: Structure, Function, and Bioinformatics},
    volume = {65},
    number = {3},
    publisher = {Wiley Subscription Services, Inc., A Wiley Company},
    pages = {712--725},
    keywords = {trialanine, dihedral parameters, molecular dynamics, molecular mechanics, decoy analysis, NMR order parameters, α-helix},
    year = {2006}
}


@inbook {moscato:2011,
title = {Memetic Algorithms},
author = {Moscato, Pablo and Berretta, Regina and Cotta, Carlos},
author = {Cochran, James J. and Cox, Louis A. and Keskinocak, Pinar and Kharoufeh, Jeffrey P. and Smith, J. Cole},
publisher = {John Wiley I\& Sons, Inc.},
isbn = {9780470400531},
keywords = {Memetic Algorithms, combinatorial optimization problems, Evolutionary Computation, parallel computation},
booktitle = {Wiley Encyclopedia of Operations Research and Management Science},
year = {2010}
}


@inbook {eswar:2002,
title = {Comparative Protein Structure Modeling Using Modeller},
author = {Eswar, Narayanan and Webb, Ben and Marti-Renom, Marc A. and Madhusudhan, M.S. and Eramian, David and Shen, Min-yi and Pieper, Ursula and Sali, Andrej},
publisher = {John Wiley I\& Sons, Inc.},
isbn = {9780471250951},
doi = {10.1002/0471250953.bi0506s15},
keywords = {Modeller, protein structure, comparative modeling, structure prediction, protein fold},
booktitle = {Current Protocols in Bioinformatics},
year = {2002}
}


@article{lathrop:1994,
author = {Lathrop, Richard H.}, 
title = {The protein threading problem with sequence amino acid interaction preferences is NP-complete},
volume = {7}, 
number = {9}, 
pages = {1059-1068}, 
year = {1994}, 
doi = {10.1093/protein/7.9.1059}, 
journal = {Protein Engineering} 
}

@article{kim:2003,
author = {Kim, Dongsup and Xu, Dong and Guo, Jun‐tao and Ellrott, Kyle and Xu, Ying}, 
title = {PROSPECT II: protein structure prediction program for genome scale applications},
volume = {16}, 
number = {9}, 
pages = {641-650}, 
year = {2003}, 
doi = {10.1093/protein/gzg081}, 
journal = {Protein Engineering} 
}

@article{bioinf:def,
  author = {Hogeweg, Paulien},
  journal = {PLoS Computational Biology},
  keywords = {dblp},
  number = 3,
  title = {The Roots of Bioinformatics in Theoretical Biology.},
  volume = 7,
  year = 2011
}

@book{bioinf:struct,
	title = "Structural bioinformatics",
	author = "Bourne, Philip E. and Weissig, Helge",
	series = "Methods of biochemical analysis",
	publisher = "Wiley-Liss",
	address = "Hoboken (N. J.)",
	isbn = "0-471-20200-2",
	year = 2003
}

@book{Cohen19961,
title = "Guidebook on Molecular Modeling in Drug Design ",
editor = "Cohen, N. Claude ",
booktitle = "Guidebook on Molecular Modeling in Drug Design ",
publisher = "Academic Press",
address = "San Diego",
year = "1996",
pages = "1 - 17",
isbn = "978-0-12-178245-0",
author = "Cohen, N. Claude"
}

@article{Anfinsen:1972,
	author = {Anfinsen, C. B.},
	citeulike-article-id = {2587033},
	issn = {0264-6021},
	journal = {The Biochemical journal},
	month = jul,
	number = {4},
	pages = {737--749},
	pmcid = {PMC1173893},
	pmid = {4565129},
	posted-at = {2013-03-20 08:14:10},
	priority = {2},
	title = {The formation and stabilization of protein structure.},
	volume = {128},
	year = {1972}
}

@article{Zhang:2008,
	author = {Zhang, Yang},
	title = {Progress and challenges in protein structure prediction},
	booktitle = {Nucleic acids / Sequences and topology},
	journal = {Current Opinion in Structural Biology},
	year = {2008},
	volume = {18},
	number = {3},
	pages = {342--348}
}

@book{molecular:book,
  title={Molecular Biology of Protein Folding},
  author={Conn, P.M.},
  number={parte 2},
  isbn={9780080923390},
  year={2009},
  publisher={Elsevier Science}
}

@article{floudas:2006,
title = "Advances in protein structure prediction and de novo protein design: A review ",
journal = "Chemical Engineering Science ",
volume = "61",
number = "3",
pages = "966 - 988",
year = "2006",
issn = "0009-2509",
author = "C.A. Floudas and H.K. Fung and S.R. McAllister and M. Mönnigmann and R. Rajgaria",
keywords = "Protein folding",
keywords = "De novo protein design",
keywords = "Loop structure prediction",
keywords = "Force field development "
}

@inproceedings{Crescenzi:1998,
	author = {Crescenzi, Pierluigi and Goldman, Deborah and Papadimitriou, Christos and Piccolboni, Antonio and Yannakakis, Mihalis},
	title = {On the Complexity of Protein Folding (Extended Abstract)},
	booktitle = {Proceedings of the Thirtieth Annual ACM Symposium on Theory of Computing},
	series = {STOC '98},
	year = {1998},
	isbn = {0-89791-962-9},
	location = {Dallas, Texas, USA},
	pages = {597--603},
	numpages = {7},
	acmid = {276875},
	publisher = {ACM},
	address = {New York, NY, USA}
} 

@article{Anfinsen:1973,
	author = {Anfinsen, Christian},
	title = {Principles that Govern the Folding of Protein Chains},
	journal = {Science},
	year = {1973},
	volume = {181},
	number = {4096},
	pages = {223--30}
}

@book{joao:1997,
	title={Introduction to Computational Molecular Biology},
	author={Jo{\~a}o Carlos Setubal and Meidanis, J.},
	isbn={9780534952624},
	lccn={96044240},
	series={Computer Science Series},
	year={1997},
	publisher={PWS Pub.}
}

@article{Berman:2000,
	author = {Helen M. Berman and John Westbrook and Zukang Feng and Gary Gilliland and T. N. Bhat and Helge Weissig and Ilya N. Shindyalov and Philip E. Bourne},
	title = {The Protein Data Bank},
	journal = {Nucleic Acids Res},
	year = {2000},
	volume = {28},
	pages = {235--242}
}

@inproceedings{Dorn:2013,
	author = {Dorn, Márcio and Inostroza-Ponta, Mario and Buriol, Luciana S. and Verli, Hugo},
	booktitle = {IEEE Congress on Evolutionary Computation},
	keywords = {dblp},
	pages = {1233-1240},
	publisher = {IEEE},
	title = {A knowledge-based genetic algorithm to predict three-dimensional structures of polypeptides.},
	year = {2013}
}

@article{zhang:2015,
title = "Secondary structure assignment for conformationally irregular peptides: Comparison between DSSP, STRIDE and KAKSI",
journal = "Journal of Molecular Graphics and Modelling ",
volume = "55",
number = "0",
pages = "72 - 84",
year = "2015",
note = "",
issn = "1093-3263",
author = "Yuan Zhang and Celeste Sagui",
keywords = "Residual transient secondary structure",
keywords = "Intrinsically disordered proteins",
keywords = "gp41",
keywords = "Asparagine "
}

@article {Kabsch:1983,
	title = {Dictionary of protein secondary structure: pattern recognition of hydrogen-bonded and geometrical features},
	journal = {Biopolymers},
	volume = {22},
	year = {1983},
	month = {1983 Dec},
	pages = {2577-637},
	keywords = {Amino Acid Sequence, Hydrogen Bonding, Protein Conformation, Proteins},
	issn = {0006-3525},
	author = {Kabsch, W and Sander, C}
}

@book{pauling:1951,
	title={Configurations of Polypeptide Chains with Favored Orientations Around Single Bonds: Two New Pleated Sheets},
	author={Pauling, L. and Corey, R.B.},
	year={1951},
	%publisher={National Academy of Sciences of the United States of America}
}

@incollection{Rost:2000,
	author = "Rost, Burkhard and Sander, C.",
	title = "Third Generation Prediction of Secondary Structure",
	year = "2000",
	booktitle = "Protein Structure Prediction: Methods and Protocols",
	pages = "71--95",
	editor = "Webster, D.",
	address = "Clifton, NJ",
	publisher = "Humana Press",
	keywords = "BIO"
}

@article{Levin:1993,
	author = {Levin, Jonathan M. and Pascarella, Stefano and Argos, Patrick and Garnier, Jean}, 
	title = {Quantification of secondary structure prediction improvement using multiple alignments},
	volume = {6}, 
	number = {8}, 
	pages = {849-854}, 
	year = {1993}, 
	doi = {10.1093/protein/6.8.849}, 
	journal = {Protein Engineering} 
}


@article{perutz:1960,
	Annote = {10.1038/185416a0},
	Author = {Perutz, M. F. and Rossmann, M. G. and Cullis, Ann F. and Muirhead, Hilary and Will, Georg and North, A. C. T.},
	Date = {1960/02/13/print},
	Date-Added = {2015-03-24 9:12:16 a.m. +0000},
	Date-Modified = {2015-03-24 9:12:16 a.m. +0000},
	Day = {13},
	Journal = {Nature},
	M3 = {10.1038/185416a0},
	Month = {02},
	Number = {4711},
	Pages = {416--422},
	Title = {Structure of Haemoglobin: A Three-Dimensional Fourier Synthesis at 5.5{$\AA$} Resolution, Obtained by X-Ray Analysis},
	Ty = {JOUR},
	Volume = {185},
	Year = {1960}
}

@article {casp:1995,
author = {Moult, John and Pedersen, Jan T. and Judson, Richard and Fidelis, Krzysztof},
title = {A large-scale experiment to assess protein structure prediction methods},
journal = {Proteins: Structure, Function, and Bioinformatics},
volume = {23},
number = {3},
publisher = {Wiley Subscription Services, Inc., A Wiley Company},
issn = {1097-0134},
doi = {10.1002/prot.340230303},
pages = {ii--iv},
year = {1995},
}

@article{fasman:1974,
author = {Chou, Peter Y. and Fasman, Gerald D.},
title = {Prediction of protein conformation},
journal = {Biochemistry},
volume = {13},
number = {2},
pages = {222-245},
year = {1974},
doi = {10.1021/bi00699a002},
note ={PMID: 4358940}
}

@article{garnier:1978,
title = "Analysis of the accuracy and implications of simple methods for predicting the secondary structure of globular proteins ",
journal = "Journal of Molecular Biology ",
volume = "120",
number = "1",
pages = "97 - 120",
year = "1978",
issn = "0022-2836",
author = "J. Garnier and D.J. Osguthorpe and B. Robson"
}


@article {Dor:2007,
	author = {Dor, Ofer and Zhou, Yaoqi},
	title = {Achieving 80% ten-fold cross-validated accuracy for secondary structure prediction by large-scale training},
	journal = {Proteins: Structure, Function, and Bioinformatics},
	volume = {66},
	number = {4},
	publisher = {Wiley Subscription Services, Inc., A Wiley Company},
	issn = {1097-0134},
	doi = {10.1002/prot.21298},
	pages = {838--845},
	keywords = {solvent accessibility, solvent accessible surface area, neural network},
	year = {2007}
}

@article{psipred:1999,
    title = "Protein secondary structure prediction based on position-specific scoring matrices1 ",
    journal = "Journal of Molecular Biology ",
    volume = "292",
    number = "2",
    pages = "195 - 202",
    year = "1999",
    issn = "0022-2836",
    author = "David T Jones",
    keywords = "protein structure prediction",
    keywords = "secondary structure",
    keywords = "protein folding",
    keywords = "sequence analysis",
    keywords = "neural network "
}

@article{psipred:2013,
author = {Buchan, Daniel W. A. and Minneci, Federico and Nugent, Tim C. O. and Bryson, Kevin and Jones, David T.}, 
title = {Scalable web services for the PSIPRED Protein Analysis Workbench},
volume = {41}, 
number = {W1}, 
pages = {W349-W357}, 
year = {2013}, 
doi = {10.1093/nar/gkt381}, 
journal = {Nucleic Acids Research} 
}

@article{psiblast:1997,
author = {Altschul, Stephen F. and Madden, Thomas L. and Schäffer, Alejandro A. and Zhang, Jinghui and Zhang, Zheng and Miller, Webb and Lipman, David J.}, 
title = {Gapped BLAST and PSI-BLAST: a new generation of protein database search programs},
volume = {25}, 
number = {17}, 
pages = {3389-3402}, 
year = {1997}, 
doi = {10.1093/nar/25.17.3389}, 
journal = {Nucleic Acids Research} 
}

@article{jpred:2008,
author = {Cole, Christian and Barber, Jonathan D. and Barton, Geoffrey J.}, 
title = {The Jpred 3 secondary structure prediction server},
volume = {36}, 
number = {suppl 2}, 
pages = {W197-W201}, 
year = {2008}, 
doi = {10.1093/nar/gkn238}, 
journal = {Nucleic Acids Research} 
}

@article {jpred:2000,
author = {Cuff, James A. and Barton, Geoffrey J.},
title = {Application of multiple sequence alignment profiles to improve protein secondary structure prediction},
journal = {Proteins: Structure, Function, and Bioinformatics},
volume = {40},
number = {3},
publisher = {John Wiley I\& Sons, Inc.},
issn = {1097-0134},
pages = {502--511},
keywords = {protein, secondary structure prediction, multiple sequence alignment, profiles, PSSM},
year = {2000},
}

@article{bluegene:2001,
  added-at = {2012-09-19T00:00:00.000+0200},
  author = {Allen, Frances E. and Almasi, George S. and Andreoni, Wanda and Beece, Daniel K. and et al},
  interhash = {40749ea7644d9febc1457ff277583e9f},
  intrahash = {6e73d47f87663e6d414770bbdccc4434},
  journal = {IBM Systems Journal},
  keywords = {dblp},
  number = 2,
  pages = {310-327},
  timestamp = {2012-09-20T11:38:01.000+0200},
  title = {Blue Gene: A vision for protein science using a petaflop supercomputer.},
  volume = 40,
  year = 2001
}

@inproceedings{mdgrape:2003,
  added-at = {2005-04-12T00:00:00.000+0200},
  author = {Taiji, Makoto and Narumi, Tetsu and Ohno, Yousuke and Konagaya, Akihiko},
  booktitle = {PARCO},
  crossref = {conf/parco/2003},
  date = {2005-04-12},
  description = {dblp},
  editor = {Joubert, Gerhard R. and Nagel, Wolfgang E. and Peters, Frans J. and Walter, Wolfgang V.},
  interhash = {7a421ec9c5c4dd7420528b1939dd1eb2},
  intrahash = {084e336d854cb320e850bbf633b83cff},
  isbn = {0-444-51689-1},
  keywords = {dblp},
  pages = {669-676},
  series = {Advances in Parallel Computing},
  timestamp = {2007-06-15T08:18:01.000+0200},
  title = {MDGRAPE-3: A Petaflops Special-Purpose Computer System for Molecular Dynamics Simulations.},
  volume = 13,
  year = 2003
}


@inbook {andersen:2005,
title = {Secondary Structure Assignment},
author = {Andersen, Claus A. F. and Rost, Burkhard},
publisher = {John Wiley I\& Sons, Inc.},
isbn = {9780471721208},
doi = {10.1002/0471721204.ch17},
pages = {339--363},
keywords = {regular macroelements, dictionary of secondary structure of proteins (DSSP), secondary structure assignments},
booktitle = {Structural Bioinformatics},
year = {2005}
}

@article{rosseta:2010,
author = {Kaufmann, Kristian W. and Lemmon, Gordon H. and DeLuca, Samuel L. and Sheehan, Jonathan H. and Meiler, Jens},
title = {Practically Useful: What the Rosetta Protein Modeling Suite Can Do for You},
journal = {Biochemistry},
volume = {49},
number = {14},
pages = {2987-2998},
year = {2010},
doi = {10.1021/bi902153g},
note ={PMID: 20235548}
}

@article{stride:2004,
author = {Heinig, Matthias and Frishman, Dmitrij}, 
title = {STRIDE: a web server for secondary structure assignment from known atomic coordinates of proteins},
volume = {32}, 
number = {suppl 2}, 
pages = {W500-W502}, 
year = {2004}, 
doi = {10.1093/nar/gkh429}, 
journal = {Nucleic Acids Research} 
}


@article{anglor:2008,
    author = {Wu, Sitao AND Zhang, Yang},
    journal = {PLoS ONE},
    publisher = {Public Library of Science},
    title = {ANGLOR: A Composite Machine-Learning Algorithm for Protein Backbone Torsion Angle Prediction},
    year = {2008},
    month = {10},
    volume = {3},
    pages = {e3400},
    number = {10},
    doi = {10.1371/journal.pone.0003400}
}        

@article{itasser:2015,
	Author = {Yang, Jianyi and Yan, Renxiang and Roy, Ambrish and Xu, Dong and Poisson, Jonathan and Zhang, Yang},
	Date = {2015/01//print},
	Date-Added = {2015-03-24 1:34:25 p.m. +0000},
	Date-Modified = {2015-03-24 1:34:25 p.m. +0000},
	Isbn = {1548-7091},
	Journal = {Nat Meth},
	M3 = {Correspondence},
	Month = {01},
	Number = {1},
	Pages = {7--8},
	Publisher = {Nature Publishing Group, a division of Macmillan Publishers Limited. All Rights Reserved.},
	Title = {The I-TASSER Suite: protein structure and function prediction},
	Ty = {JOUR},
	Volume = {12},
	Year = {2015}
}


@book{branden:1999,
	title={Introduction to Protein Structure},
	author={Br{\"a}nd{\'e}n, C.I. and Tooze, J.},
	isbn={9780815323051},
	lccn={98034487},
	series={Introduction to Protein Structure Series},
	year={1999},
	publisher={Garland Pub.}
}

@article {fragfold:2001,
author = {Jones, David T.},
title = {Predicting novel protein folds by using FRAGFOLD},
journal = {Proteins: Structure, Function, and Bioinformatics},
volume = {45},
number = {S5},
publisher = {Wiley Subscription Services, Inc., A Wiley Company},
issn = {1097-0134},
doi = {10.1002/prot.1171},
pages = {127--132},
year = {2001},
}

@article{genthreader:1999,
title = "GenTHREADER: an efficient and reliable protein fold recognition method for genomic sequences1 ",
journal = "Journal of Molecular Biology ",
volume = "287",
number = "4",
pages = "797 - 815",
year = "1999",
note = "",
issn = "0022-2836",
author = "David T. Jones",
keywords = "genome",
keywords = "protein structure prediction",
keywords = "fold recognition",
keywords = "threading",
keywords = "sequence alignment "
}


@article{Uzman:2001,
	author = {Uzman, A.},
	journal = {Biochemistry and Molecular Biology Education},
	keywords = {biology, book, cell},
	pages = {126--128},
	priority = {2},
	publisher = {Elsevier},
	title = {{Molecular Cell Biology}},
	year = {2001}
}

@book{xray:1997,
	title={An Introduction to X-ray Crystallography},
	isbn={9780521423595},
	lccn={96005700},
	year={1997},
	publisher={Cambridge University Press}
}

@article{nmr:1990,
	author = {Wüthrich, K}, 
	title = {Protein structure determination in solution by NMR spectroscopy.},
	volume = {265}, 
	number = {36}, 
	pages = {22059-62}, 
	year = {1990}, 
	journal = {Journal of Biological Chemistry} 
}

@article{Cross:2003,
title = "A new quantitative optical biosensor for protein characterisation ",
journal = "Biosensors and Bioelectronics ",
volume = "19",
number = "4",
pages = "383 - 390",
year = "2003",
note = "",
issn = "0956-5663",
author = "Graham H. Cross and Andrew A. Reeves and Stuart Brand and Jonathan F. Popplewell and Louise L. Peel and Marcus J. Swann and Neville J. Freeman",
keywords = "Optical biosensor",
keywords = "Protein characterisation",
keywords = "X-ray crystallography "
}

@book{Alberts:2002,
	added-at = {2009-06-03T11:20:58.000+0200},
	author = {Alberts, B. and Bray, D. and Lewis, J. and Raff, M. and Roberts, K. and Watson, J.D.},
	description = {The whole bibliography file I use.},
	edition = {4th},
	interhash = {9f461caa204502d6eab599206850babd},
	intrahash = {b4b73b7568860a064b66c8259bbe0364},
	keywords = {imported},
	publisher = {Garland},
	timestamp = {2009-06-03T11:20:58.000+0200},
	title = {{Molecular Biology of the Cell}},
	year = 2002
}

@article{Buriol:2004,
	author = {Buriol, Luciana and Fran\c{c}a, Paulo M. and Moscato, Pablo},
	title = {A New Memetic Algorithm for the Asymmetric Traveling Salesman Problem},
	journal = {Journal of Heuristics},
	issue_date = {September 2004},
	volume = {10},
	number = {5},
	month = sep,
	year = {2004},
	issn = {1381-1231},
	pages = {483--506},
	numpages = {24},
	acmid = {1028965},
	publisher = {Kluwer Academic Publishers},
	address = {Hingham, MA, USA},
	keywords = {asymmetric traveling salesman problem, local search, memetic algorithms, metaheuristics},
} 

@article{Montero:2013, 
author={Riff, M.-C. and Montero, E.}, 
booktitle={Evolutionary Computation (CEC), 2013 IEEE Congress on}, 
title={A new algorithm for reducing metaheuristic design effort}, 
year={2013}, 
month={June}, 
pages={3283-3290}, 
keywords={genetic algorithms;EVOCA;NK landscape instance;categorical parameter;genetic algorithm;metaheuristic design effort reduction;numerical parameter;tuning tool;Algorithm design and analysis;Calibration;Genetic algorithms;Sociology;Statistics;Tuners}, 
doi={10.1109/CEC.2013.6557972}
}

@article{Beauchamp:2012,
author = {Beauchamp, Kyle A. and Lin, Yu-Shan and Das, Rhiju and Pande, Vijay S.},
title = {Are Protein Force Fields Getting Better? A Systematic Benchmark on 524 Diverse NMR Measurements},
journal = {Journal of Chemical Theory and Computation},
volume = {8},
number = {4},
pages = {1409-1414},
year = {2012},
doi = {10.1021/ct2007814}
}


@article{Simons1997209,
title = "Assembly of protein tertiary structures from fragments with similar local sequences using simulated annealing and bayesian scoring functions",
journal = "Journal of Molecular Biology ",
volume = "268",
number = "1",
pages = "209 - 225",
year = "1997",
note = "",
issn = "0022-2836",
author = "Kim T. Simons and Charles Kooperberg and Enoch Huang and David Baker",
keywords = "protein folding",
keywords = "computer simulation",
keywords = "multiple sequence alignment",
keywords = "structure prediction",
keywords = "knowledge-based scoring functions "
}

@article {PROT:PROT21702,
author = {Zhang, Yang},
title = {Template-based modeling and free modeling by I-TASSER in CASP7},
journal = {Proteins: Structure, Function, and Bioinformatics},
volume = {69},
number = {S8},
publisher = {Wiley Subscription Services, Inc., A Wiley Company},
issn = {1097-0134},
pages = {108--117},
keywords = {CASP, I-TASSER, threading, template refinement, free modeling},
year = {2007},
}

@article {PROT:PROT20338,
author = {Klepeis, John L. and Wei, Yinan and Hecht, Michael H. and Floudas, Christodoulos A.},
title = {Ab initio prediction of the three-dimensional structure of a de novo designed protein: A double-blind case study},
journal = {Proteins: Structure, Function, and Bioinformatics},
volume = {58},
number = {3},
publisher = {Wiley Subscription Services, Inc., A Wiley Company},
issn = {1097-0134},
pages = {560--570},
keywords = {structure prediction, protein design, protein folding, binary patterning, four-helix bundle, optimization},
year = {2005},
}


@article{Dorn2014251,
title = "Three-dimensional protein structure prediction: Methods and computational strategies ",
journal = "Computational Biology and Chemistry ",
volume = "53, Part B",
number = "0",
pages = "251 - 276",
year = "2014",
note = "",
issn = "1476-9271",
author = "Márcio Dorn and Mariel Barbachan e Silva and Luciana S. Buriol and Luis C. Lamb",
keywords = "Three-dimensional protein structure prediction",
keywords = "Structural bioinformatics",
keywords = "Ab initio methods",
keywords = "Knowledge-based methods "
}

@misc{amber14,
    author = {Case, D. A. and Darden, T. A. and Cheatham, T. E. and Simmerling, C. L. and Wang, J. and Duke, R. E. and Luo, R. and Walker, R. C. and Zhang, W. and Merz, K. M. and Roberts, B. and Hayik, S. and Roitberg, A. and Seabra, G. and Swails, J. and Goetz, A. W. and Kolossv\'{a}ry, I. and Wong, K. F. and Paesani, F. and Vanicek, J. and Wolf, R. M. and Liu, J. and Wu, X. and Brozell, S. R. and Steinbrecher, T. and Gohlke, H. and Cai, Q. and Ye, X. and Wang, J. and Hsieh, M. J. and Cui, G. and Roe, D. R. and Mathews, D. H. and Seetin, M. G. and Salomon-Ferrer, R. and Sagui, C. and Babin, V. and Luchko, T. and Gusarov, S. and Kovalenko, A. and Kollman, P. A.},
    institution = {University of California, San Francisco},
    keywords = {molecular\_dynamics, software},
    organization = {University of California, San Francisco},
    priority = {2},
    publisher = {University of California, San Francisco},
    title = {AMBER 14},
    url = {http://ambermd.org/},
    year = {2014}
}

@article{Heinig01072004,
author = {Heinig, Matthias and Frishman, Dmitrij}, 
title = {STRIDE: a web server for secondary structure assignment from known atomic coordinates of proteins},
volume = {32}, 
number = {suppl 2}, 
pages = {W500-W502}, 
year = {2004}, 
doi = {10.1093/nar/gkh429}, 
abstract ={STRIDE is a software tool for secondary structure assignment from atomic resolution protein structures. It implements a knowledge-based algorithm that makes combined use of hydrogen bond energy and statistically derived backbone torsional angle information and is optimized to return resulting assignments in maximal agreement with crystallographers' designations. The STRIDE web server provides access to this tool and allows visualization of the secondary structure, as well as contact and Ramachandran maps for any file uploaded by the user with atomic coordinates in the Protein Data Bank (PDB) format. A searchable database of STRIDE assignments for the latest PDB release is also provided. The STRIDE server is accessible from http://webclu.bio.wzw.tum.de/stride/.}, 
URL = {http://nar.oxfordjournals.org/content/32/suppl_2/W500.abstract}, 
eprint = {http://nar.oxfordjournals.org/content/32/suppl_2/W500.full.pdf+html}, 
journal = {Nucleic Acids Research} 
}

@unpublished{pymol,
    title = {PyMOL The PyMOL Molecular Graphics System, Version 1.3, Schr{\"o}dinger, LLC.},
    Author = {{Schr\"odinger, LLC}},
    Month = {August},
    Title = {The {PyMOL} Molecular Graphics System, Version~1.3r1},
    Year = {2010}
    }

@article{procheck,
author = {R. A. Laskowski and M. W. MacArthur and D. S. Moss and J. M. Thornton},
title = {{PROCHECK: a program to check the stereochemical quality of protein structures}},
journal = {Journal of Applied Crystallography},
volume = {26},
year = {1993},
pages = {283--291},
issue = {2},
masid = {24389806}
}

@article{profit,
author = "McLachlan, A. D.",
title = "{Rapid comparison of protein structures}",
journal = "Acta Crystallographica Section A",
year = "1982",
volume = "38",
number = "6",
pages = "871--873",
month = "Nov",
}

@article{1k43,
author = {Pastor, Maria Teresa and López de la Paz, Manuela and Lacroix, Emmanuel and Serrano, Luis and Pérez-Payá, Enrique}, 
title = {Combinatorial approaches: A new tool to search for highly structured β-hairpin peptides},
volume = {99}, 
number = {2}, 
pages = {614-619}, 
year = {2002}
}

@article{stridepaper,
    author = {Dmitrij Frishman and Patrick Argos},
    title = {Knowledge-based protein secondary structure assignment},
    journal = {Proteins},
    year = {1995},
    volume = {23},
    pages = {566--579}
}

@incollection{folding,
year={2007},
isbn={978-0-387-30346-8},
booktitle={Handbook of Neurochemistry and Molecular Neurobiology},
editor={Lajtha, Abel and Banik, Naren},
title={Protein Folding},
publisher={Springer US},
author={Szilágyi, A. and Kardos, J. and Osváth, S. and Barna, L. and Závodszky, P.},
pages={303-343},
language={English}
}

@book{entropia,
  author = {C. K. Mathews, K. E. van Holde, K. G. Ahern},
  edition = {Third Edition},
  editor = {Addison Wesley Longman},
  title = {Biochemistry},
  year = {2000},
  pages = {181--186}
}

@inbook {hbond,
title = {Hydrogen Bonds in Proteins: Role and Strength},
author = {Hubbard, Roderick E and Kamran Haider, Muhammad},
publisher = {John Wiley I\& Sons, Ltd},
keywords = {hydrogen bond, protein structure, protein stability, molecular recognition, secondary structure},
booktitle = {eLS},
year = {2001}
}

@article{Karplus10052005,
author = {Karplus, M. and Kuriyan, J.}, 
title = {Molecular dynamics and protein function},
volume = {102}, 
number = {19}, 
pages = {6679-6685}, 
year = {2005}, 
journal = {Proceedings of the National Academy of Sciences of the United States of America} 
}

@article{robetta,
  author = {Kim, David E. and Chivian, Dylan and Baker, David},
  journal = {Nucleic Acids Research},
  keywords = {dblp},
  number = {Web-Server-Issue},
  pages = {526-531},
  title = {Protein structure prediction and analysis using the Robetta server.},
  volume = 32,
  year = 2004
}

@article{clustalw,
    author = {Thompson, J. D. and Higgins, D. G. and Gibson, T. J.},
    day = {11},
    journal = {Nucleic acids research},
    keywords = {compbio, fresco},
    month = nov,
    number = {22},
    pages = {4673--4680},
    publisher = {Oxford University Press},
    title = {CLUSTAL W: improving the sensitivity of progressive multiple sequence alignment through sequence weighting, position-specific gap penalties and weight matrix choice.},
    volume = {22},
    year = {1994}
}

@article{compass,
    author = {Sadreyev, R. I. and Baker, D. and Grishin, N. V.},
    journal = {Protein science : a publication of the Protein Society},
    month = oct,
    number = {10},
    pages = {2262--2272},
    title = {Profile-profile comparisons by COMPASS predict intricate homologies between protein families.},
    volume = {12},
    year = {2003}
}

@article{hugo,
author = {Hugo Meneses and Mario Inostroza-Ponta},
title = {Evaluating Memory Schemas in a Memetic Algorithm for the Quadratic Assignment Problem},
journal ={2011 30th International Conference of the Chilean Computer Science Society},
volume = {0},
issn = {1522-4902},
year = {2011},
pages = {14-18},
publisher = {IEEE Computer Society},
address = {Los Alamitos, CA, USA},
}

@book{bioinfopt,
  author = {Hugo Verli},
  title = {Bioinformática da Biologia à flexibilidade molecular},
  year = {2014},
  pages={220-281}
}

@book{lehninger,
  author = {Lehninger, Albert and Nelson, David L. and Cox, Michael M.},
  edition = {Fourth Edition},
  publisher = {W. H. Freeman},
  keywords = {Biochemistry Cox Lehninger Nelson},
  title = {Lehninger Principles of Biochemistry},
  pages = {117-121},
  year = 2004
}

@misc{image:phipsi,
  author = {Loren Williams},
  year = {2014},
  title = {Imagen de ángulos de torsión},
  howpublished = {\url{http://ww2.chemistry.gatech.edu/~lw26/structure/protein/secondary_structure/phi_psi/index.html}},
  note = {Consultado el 30-11-2014}
}

image:genome-project

@misc{image:genome-project,
  author = {{Instituto Nacional de Investigación del Genoma Humano}},
  year = {2014},
  Publisher = {{Institutos Nacionales de la Salud}},
  title = {Glosario Hablado de Términos Genéticos},
  howpublished = {\url{http://www.genome.gov/glossaryS/
http://www.genome.gov/glossaryS/?id=169}},
  note = {Consultado el 30-11-2014}
}

@book {book:kessel,
author = {Amit Kessel and Nir Ben-Tal},
title = {Introduction to Proteins: Structure, Function and Motion},
publisher = {CRC Press},
pages = {55},
year = {2011}
}


@article{dunbrack,
	Author = {Shapovalov, Maxim V. and Dunbrack, Roland L. , Jr.},
	Booktitle = {Structure},
	Journal = {Structure},
	Number = {6},
	Pages = {844--858},
	Publisher = {Elsevier},
	Title = {A Smoothed Backbone-Dependent Rotamer Library for Proteins Derived from Adaptive Kernel Density Estimates and Regressions},
	Volume = {19},
	Year={2011}
}


@article{Kirkpatrick1983,
  author = {Kirkpatrick, S. and Gelatt, C. D. and Vecchi, M. P.},
  description = {JSTOR: Science, New Series, Vol. 220, No. 4598 (May 13, 1983), pp. 671-680},
  journal = {Science},
  keywords = {MonteCarlo geometry_optimization},
  number = 4598,
  pages = {671--680},
  publisher = {American Association for the Advancement of Science},
  series = {New Series},
  title = {Optimization by Simulated Annealing},
  volume = 220,
  year = 1983
}

@misc{simmer,
    author={Carlos Simmerling},
    year={2014},
    title={{Main developer of the "ff99SB" and "ff14SB" force fields}},
    note={With contributions from V. Hornak, R. Abel, A. Okur, B. Strockbine, A. Roitberg, Carmenza Martinez, and James Maier}
}